@inproceedings{al2006mining,
  title={Mining student data using decision trees},
  author={Al-Radaideh, Qasem A and Al-Shawakfa, Emad M and Al-Najjar, Mustafa I},
  booktitle={International Arab Conference on Information Technology (ACIT 2006), Yarmouk University, Jordan},
  year={2006}
}



@article{aslam2014data,
  title={Data Mining Algorithms and their applications in Education Data Mining},
  author={Aslam, Shafiq and Ashraf, Imran},
  journal={International Journal},
  volume={2},
  number={7},
  year={2014}
}


@article{calinski1974dendrite,
  title={A dendrite method for cluster analysis},
  author={Cali{\'n}ski, Tadeusz and Harabasz, Jerzy},
  journal={Communications in Statistics-theory and Methods},
  volume={3},
  number={1},
  pages={1--27},
  year={1974},
  publisher={Taylor \& Francis}
}


@inproceedings{csun1,
 title={CSUN Office of Institutional Research Report},
 url = {http://www.csun.edu/~instrsch/retentionrates.html}
}

@inproceedings{csun2,
 title={CSUN Colleges: Changes and Grades},
 url = {http://p.rovo.st/blog/?p=47}
}

@article{ayesha2010data,
  title={Data mining model for higher education system},
  author={Ayesha, Shaeela and Mustafa, Tasleem and Sattar, Ahsan Raza and Khan, M Inayat},
  journal={Europen Journal of Scientific Research},
  volume={43},
  number={1},
  pages={24--29},
  year={2010}
}


@book{duda2012pattern,
  title={Pattern classification},
  author={Duda, Richard O and Hart, Peter E and Stork, David G},
  year={2012},
  publisher={John Wiley \& Sons}
}


@article{fawcett2004roc,
  title={ROC graphs: Notes and practical considerations for researchers},
  author={Fawcett, Tom},
  journal={Machine learning},
  volume={31},
  pages={1--38},
  year={2004}
}




@book{gordon1999classification,
  title={Classification, 2nd Edition},
  author={Gordon, A.D.},
  isbn={9781584888536},
  series={Chapman \& Hall/CRC Monographs on Statistics \& Applied Probability},
  url={https://books.google.com/books?id=\_w5AJtbfEz4C},
  year={1999},
  publisher={CRC Press}
}



@book{hackeling2014mastering,
  title={Mastering Machine Learning with scikit-learn},
  author={Hackeling, Gavin},
  year={2014},
  publisher={Packt Publishing Ltd}
}

@misc{han2001spatial,
  title={Spatial clustering methods in data mining: A survey, H. Miller and J. Han (eds.), Geographic Data Mining and Knowledge Discovery},
  author={Han, J and Kamber, M and Tung, AKH},
  year={2001},
  publisher={Taylor and Francis}
}

@article{jain2010data,
  title={Data clustering: 50 years beyond K-means},
  author={Jain, Anil K},
  journal={Pattern recognition letters},
  volume={31},
  number={8},
  pages={651--666},
  year={2010},
  publisher={Elsevier}
}


@article{kaufmanpj,
  title={PJ (1990) Finding groups in data: An introduction to cluster analysis},
  author={Kaufman, L Rousseeuw and Rousseeuw, P},
  journal={Hoboken NJ John Wiley \& Sons Inc}
}


@article{knights2014rethinking,
  title={Rethinking “Enterotypes”},
  author={Knights, Dan and Ward, Tonya L and McKinlay, Christopher E and Miller, Hannah and Gonzalez, Antonio and McDonald, Daniel and Knight, Rob},
  journal={Cell host \& microbe},
  volume={16},
  number={4},
  pages={433--437},
  year={2014},
  publisher={Elsevier}
}

@inproceedings{kotsiantis2005predicting,
  title={Predicting students marks in hellenic open university},
  author={Kotsiantis, Sotiris B and Pintelas, Panayiotis E},
  booktitle={Advanced Learning Technologies, 2005. ICALT 2005. Fifth IEEE International Conference on},
  pages={664--668},
  year={2005},
  organization={IEEE}
}

@inproceedings{kumar2011efficiency,
  title={Efficiency of decision trees in predicting student's academic performance},
  author={Kumar, S Anupama and Vijayalakshmi, MN},
  booktitle={First International Conference on Computer Science, Engineering and Applications, CS and IT},
  volume={2},
  pages={335--343},
  year={2011}
}


@article{luan2002data,
  title={Data Mining and Knowledge Management in Higher Education-Potential Applications.},
  author={Luan, Jing},
  year={2002},
  publisher={ERIC}
}


@inproceedings{macqueen1967some,
  title={Some methods for classification and analysis of multivariate observations},
  author={MacQueen, James and others},
  booktitle={Proceedings of the fifth Berkeley symposium on mathematical statistics and probability},
  volume={1},
  number={14},
  pages={281--297},
  year={1967},
  organization={Oakland, CA, USA.}
}


@inproceedings{minaei2003using,
  title={Using genetic algorithms for data mining optimization in an educational web-based system},
  author={Minaei-Bidgoli, Behrouz and Punch, William F},
  booktitle={Genetic and Evolutionary Computation—GECCO 2003},
  pages={2252--2263},
  year={2003},
  organization={Springer}
}


@article{park2009simple,
  title={A simple and fast algorithm for K-medoids clustering},
  author={Park, Hae-Sang and Jun, Chi-Hyuck},
  journal={Expert Systems with Applications},
  volume={36},
  number={2},
  pages={3336--3341},
  year={2009},
  publisher={Elsevier}
}


@article{romero2010educational,
  title={Educational Data Mining:  A Review of the State-of-the-Art},
  author={Romero, Crist{\'o}bal and Ventura, Sebasti{\'a}n},
  journal={Systems, Man, and Cybernetics, Part C: Applications and Reviews, IEEE Transactions on},
  volume={40},
  number={6},
  pages={601--618},
  year={2010},
  publisher={IEEE}
}


@article{romero2008data,
  title={Data mining in course management systems: Moodle case study and tutorial},
  author={Romero, Crist{\'o}bal and Ventura, Sebasti{\'a}n and Garc{\'\i}a, Enrique},
  journal={Computers \& Education},
  volume={51},
  number={1},
  pages={368--384},
  year={2008},
  publisher={Elsevier}
}



@article{tair2012mining,
  title={Mining educational data to improve students’ performance: A case study},
  author={Tair, Mohammed M Abu and El-Halees, Alaa M},
  journal={International Journal of Information},
  volume={2},
  number={2},
  year={2012}
}
